<?xml version="1.0" encoding="UTF-8"?><collection xmlns="http://www.loc.gov/MARC21/slim"><record><leader>00440nam--2200133-i-4500</leader><controlfield tag="001">000006859</controlfield><controlfield tag="002">20161230</controlfield><controlfield tag="005">20161230201027</controlfield><controlfield tag="008">060222s1000------------r-----000-0-eng-d</controlfield><datafield ind1=" " ind2=" " tag="100"><subfield code="a">Belford, R.Linn And Rabinowitch, Eugene</subfield></datafield><datafield ind1=" " ind2=" " tag="245"><subfield code="a">Spectroscopy and photochemistry of uranyl comp ounds</subfield></datafield><datafield ind1=" " ind2=" " tag="260"><subfield code="a">Oxford, Pergamon Press, 1964. X + 370 P</subfield></datafield><datafield ind1=" " ind2=" " tag="490"><subfield code="a">International Series Of Monographs On Nuclear Energy.Chemistry Division</subfield></datafield><datafield ind1=" " ind2=" " tag="852"><subfield code="a">19811</subfield></datafield></record></collection>